@misc{waterfall-spray-cloud,
		title="Waterfall Simulation with Spray Cloud in different Environments [Электронный ресурс]",
		howpublished="Режим доступа: \url{https://www.art-science.org/journal/v15n3/v15n3pp111/artsci-v15n3pp111.pdf} (дата обращения: 15.09.2021)"
}

@misc{water-matters,
		title="Modeling  Surface  Water-Groundwater  Interactionwith  MODFLOW:Some  Considerations [Электронный ресурс]",
		howpublished="Режим доступа: \url{https://core.ac.uk/download/pdf/20658268.pdf} (дата обращения: 17.09.2021)"
}

@misc{realistic-water,
		title="Water Simulating in Computer Graphics  [Электронный ресурс]",
		howpublished="Режим доступа: \url{https://www.diva-portal.org/smash/get/diva2:205412/FULLTEXT01.pdf} (дата обращения: 17.09.2021)"
}

@misc{semi-lagrangian-particle,
		title="Practical Animation of Liquids  [Электронный ресурс]",
		howpublished="Режим доступа: \url{http://physbam.stanford.edu/~fedkiw/papers/stanford2001-02.pdf} (дата обращения: 17.09.2021)"
}


@misc{voronov-diagram-particle,
		title="Animating Bubble Interactions in a Liquid Foam  [Электронный ресурс]",
		howpublished="Режим доступа: \url{https://web.cse.ohio-state.edu/~dey.8/paper/foam/bubble.pdf} (дата обращения: 17.09.2021)"
}


@misc{eiler-equation-grid,
		title="Real-Time Eulerian Water Simulation Using a Restricted Tall Cell Grid  [Электронный ресурс]",
		howpublished="Режим доступа: \url{https://matthias-research.github.io/pages/publications/tallCells.pdf
		} (дата обращения: 17.09.2021)"
}


@misc{bubble-grid,
		title="Visual Simulation of Freezing Ice with Air Bubbless  [Электронный ресурс]",
		howpublished="Режим доступа: \url{https://www.researchgate.net/profile/Kei-Iwasaki/publication/262171575\_Visual\_simulation\_of\_freezing\_ice\_with\_air\_bubbles/links/56dce54e08aee1aa5f8748a8/Visual-simulation-of-freezing-ice-with-air-bubbles.pdf} (дата обращения: 17.09.2021)"
}


@misc{sph-combo,
		title="ANIMATION OF AIR BUBBLES WITH SPH  [Электронный ресурс]",
		howpublished="Режим доступа: \url{https://www.scitepress.org/Papers/2011/33229/33229.pdf} (дата обращения: 17.09.2021)"
}		


@misc{real-time-combo,
		title="Real-time Simulation of Large Bodies of Waterwith Small Scale Details  [Электронный ресурс]",
		howpublished="Режим доступа: \url{https://matthias-research.github.io/pages/publications/hfFluid.pdf} (дата обращения: 17.09.2021)"
}	


@misc{navier-stokes-cg,
		title="Solving 3D incompressible Navier-Stokes equations on hybrid CPU/GPU systems  [Электронный ресурс]",
		howpublished="Режим доступа: \url{https://www.lri.fr/~baboulin/hpc14.pdf} (дата обращения: 23.09.2021)"
}


@misc{navier-stokes,
		title="The Navier-Stokes Equations  [Электронный ресурс]",
		howpublished="Режим доступа: \url{https://www.iit.edu/sites/default/files/2021-02/navier\_stokes.pdf} (дата обращения: 23.09.2021)"
}