@article{
	waterfall-spray-cloud,
	author="Nobuhiko Mukai",
	title="Waterfall Simulation with Spray Cloud in different Environments [Электронный ресурс]",
	journal="Токио, Tokyo City University",
	year=2016,
	language="english"
}


@article{
	water-matters,
	author="Philip Brunner",
	title="Modeling Surface Water-Groundwater Interaction with  MODFLOW: Some Considerations [Электронный ресурс]",
	journal="США, Groundwater",
	year=2010,
	language="english"
}


@article{
	realistic-water,
	author="Kai Li",
	title="Water Simulating in Computer Graphics [Электронный ресурс]",
	journal="Швеция, Linnaeus University",
	year=2007,
	language="english"
}


@article{
	semi-lagrangian-particle,
	author="Nick Foster",
	title="Practical Animation of Liquids [Электронный ресурс]",
	journal="США, SIGGRAPH '01: Proceedings of the 28th annual conference on Computer graphics and interactive techniques",
	year=2001,
	language="english"
}


@article{
	voronov-diagram-particle,
	author="Oleksiy Busaryev",
	title="Animating Bubble Interactions in a Liquid Foam [Электронный ресурс]",
	journal="США, ACM Transactions on Graphics",
	year=2012,
	language="english"
}


@article{
	eiler-equation-grid,
	author="Nuttapong Chentanez",
	title="Real-Time Eulerian Water Simulation Using a Restricted Tall Cell Grid [Электронный ресурс]",
	journal="США, ACM Transactions on Graphics",
	year=2011,
	language="english"
}


@article{
	bubble-grid,
	author="Kei Iwasaki",
	title="Visual Simulation of Freezing Ice with Air Bubbless [Электронный ресурс]",
	journal="Сингапур, SIGGRAPH Asia 2012 Technical Briefs",
	year=2012,
	language="english"
}


@article{
	sph-combo,
	author="Markus Ihmsen",
	title="ANIMATION OF AIR BUBBLES WITH SPH [Электронный ресурс]",
	journal="Фрайбург, Computer Science Department -- University of Freiburg",
	year=2011,
	language="english"
}


@article{
	real-time-combo,
	author="Nuttapong Chentanez",
	title="Real-time Simulation of Large Bodies of Waterwith Small Scale Details [Электронный ресурс]",
	journal="Мадрид, ACM SIGGRAPH Symposium on Computer Animation",
	year=2010,
	language="english"
}


@article{
	navier-stokes-cg,
	author="Yushan Wang",
	title="Solving 3D incompressible Navier-Stokes equations on hybrid CPU/GPU systems [Электронный ресурс]",
	journal="Париж, Universite Paris-Sud",
	year=2014,
	language="english"
}


@article{
	fps,
	author="Kurt Debattista",
	title="Frame Rate vs Resolution: A Subjective Evaluation of Spatiotemporal Perceived Quality Under Varying Computational Budgets [Электронный ресурс]",
	journal="Чичестер, Computer Graphics Forum",
	year=2017,
	language="english"
}


@misc{navier-stokes,
		title="The Navier-Stokes Equations  [Электронный ресурс]",
		howpublished="Режим доступа: \url{https://www.iit.edu/sites/default/files/2021-02/navier\_stokes.pdf} (дата обращения: 23.09.2021)"
}


@misc{python-lang,
	title="Welcome to Python [Электронный ресурс]",
	howpublished="Режим доступа: \url{https://www.python.org} (дата обращения: 23.11.2021)"
}


@misc{qt-designer,
	title="Qt Designer Manual [Электронный ресурс]",
	howpublished="Режим доступа: \url{https://doc.qt.io/qt-5/qtdesigner-manual.html} (дата обращения: 23.11.2021)"
}


@misc{vs-code,
	title="Visual Studio Code [Электронный ресурс]",
	howpublished="Режим доступа: \url{https://code.visualstudio.com/docs} (дата обращения: 23.11.2021)"
}


@misc{ubuntu,
	title="Ubuntu 20.04.3 LTS (Focal Fossa) [Электронный ресурс]",
	howpublished="Режим доступа: \url{https://releases.ubuntu.com/20.04/} (дата обращения: 27.11.2021)"
}


@misc{linux,
	title="Linux [Электронный ресурс]",
	howpublished="Режим доступа: \url{https://www.linux.org/forums/#linux-tutorials.122} (дата обращения: 27.11.2021)"
}


@misc{intel,
	title="Процессор Intel® Core™ i5-7300HQ [Электронный ресурс]",
	howpublished="Режим доступа: \url{https://ark.intel.com/content/www/ru/ru/ark/products/97456/intel-core-i5-7300hq-processor-6m-cache-up-to-3-50-ghz.html} (дата обращения: 25.11.2021)"
}


@misc{gtx1050,
	title="GEFORCE GTX 1050 [Электронный ресурс]",
	howpublished="Режим доступа: \url{https://www.nvidia.com/en-in/geforce/products/10series/geforce-gtx-1050/} (дата обращения: 25.11.2021)"
}



